@ARTICLE{Wollaeger13,
   author = {{Wollaeger}, R.~T. and {van Rossum}, D.~R. and {Graziani}, C. and 
	{Couch}, S.~M. and {Jordan}, IV, G.~C. and {Lamb}, D.~Q. and 
	{Moses}, G.~A.},
    title = "{Radiation Transport for Explosive Outflows: A Multigroup Hybrid Monte Carlo Method}",
  journal = {\apjs},
archivePrefix = "arXiv",
   eprint = {1306.5700},
 primaryClass = "astro-ph.HE",
 keywords = {methods: numerical, radiative transfer, stars: evolution, supernovae: general },
     year = 2013,
    month = dec,
   volume = 209,
      eid = {36},
    pages = {36},
      doi = {10.1088/0067-0049/209/2/36},
   adsurl = {http://adsabs.harvard.edu/abs/2013ApJS..209...36W},
  adsnote = {Provided by the SAO/NASA Astrophysics Data System}
}
@ARTICLE{Wollaeger14,
   author = {{Wollaeger}, R.~T. and {van Rossum}, D.~R.},
    title = "{Radiation Transport for Explosive Outflows: Opacity Regrouping}",
  journal = {\apjs},
archivePrefix = "arXiv",
   eprint = {1407.3833},
 primaryClass = "astro-ph.HE",
 keywords = {methods: numerical, radiative transfer, stars: evolution, supernovae: general },
     year = 2014,
    month = oct,
   volume = 214,
      eid = {28},
    pages = {28},
      doi = {10.1088/0067-0049/214/2/28},
   adsurl = {http://adsabs.harvard.edu/abs/2014ApJS..214...28W},
  adsnote = {Provided by the SAO/NASA Astrophysics Data System}
}
@unpublished{Vanrossum15,
   Author = {{van Rossum}, D.~R. and {Wollaeger}, R.~T.},
     Note = {in preparation},
    title = "{SuperNu: Radiation Transport for Explosive Outflows in Multiple Dimensions}",
     Year = {2015}
}
